@article{terry2013,
  title = {Replicated data consistency explained through baseball},
  author = {Terry, Doug},
  journal = {Communications of the ACM},
  volume = {56},
  number = {12},
  pages = {82--89},
  year = {2013},
  publisher = {ACM},
  url={https://www.microsoft.com/en-us/research/wp-content/uploads/2011/10/ConsistencyAndBaseballReport.pdf}
}

@inproceedings{27897,
  title = {The Chubby lock service for loosely-coupled distributed systems},
  author = {Burrows, Mike},
  year = {2006},
  booktitle = {7th {USENIX} Symposium on Operating Systems Design and Implementation (OSDI)}
}

@misc{imbriaco_2012,
  title={Downtime last Saturday},
  howpublished={\url{https://github.blog/2012-12-26-downtime-last-saturday/}},
  journal={The GitHub Blog},
  publisher={GitHub},
  author={Imbriaco, Mark},
  year={2012},
  month={Dec}
}

@inproceedings{terry1994,
  title={Session guarantees for weakly consistent replicated data},
  author={Terry, Douglas B and Demers, Alan J and Petersen, Karin and Spreitzer, Mike J and Theimer, Marvin M and Welch, Brent B},
  booktitle={Proceedings of 3rd International Conference on Parallel and Distributed Information Systems},
  pages={140--149},
  year={1994},
  organization={IEEE}
}

@misc{nunemaker,
  title = {Database Performance Simplified},
  howpublished = {\url{https://web.archive.org/web/20170211125303/https://johnnunemaker.com/database-performance-simplified/}},
  note = {Accessed: 2017-02-11},
  author={Nunemaker, John},
  year={2015},
  month={Dec}
}

@book{bacon2003operating,
  title={Operating Systems: Concurrent and Distributed Software Design},
  author={Bacon, J. and Harris, T.},
  isbn={9780321117892},
  lccn={2002038353},
  series={International computer science series},
  howpublished={\url{https://books.google.co.uk/books?id=kkaaH3Q19Z4C}},
  year={2003},
  publisher={Addison-Wesley},
  url={https://doc.lagout.org/science/0_Computer%20Science/5_Parallel%20and%20Distributed/Operating%20Systems%20-%20Concurrent%20and%20Distributed%20Software%20Design.pdf}
}

@inproceedings{brewer,
  author = {Brewer, Eric},
  year = {2000},
  month = {Jan},
  title = {Towards robust distributed systems},
  booktitle = {Symposium on Principles of Distributed Computing (PODC)},
  doi = {10.1145/343477.343502},
  url={https://people.eecs.berkeley.edu/~brewer/cs262b-2004/PODC-keynote.pdf}
}

@article{gilbert,
  author = {Gilbert, Seth and Lynch, Nancy},
  title = {Brewer's Conjecture and the Feasibility of Consistent, Available, Partition-tolerant Web Services},
  journal = {SIGACT News},
  issue_date = {June 2002},
  volume = {33},
  number = {2},
  month = jun,
  year = {2002},
  issn = {0163-5700},
  pages = {51--59},
  numpages = {9},
  howpublish={\url{http://doi.acm.org/10.1145/564585.564601}},
  doi = {10.1145/564585.564601},
  acmid = {564601},
  publisher = {ACM},
  address = {New York, NY, USA},
  url={https://users.ece.cmu.edu/~adrian/731-sp04/readings/GL-cap.pdf}
}

@misc{hale_2010,
  title={You Can't Sacrifice Partition Tolerance},
  howpublished={\url{https://codahale.com/you-cant-sacrifice-partition-tolerance/}},
  author={Hale, Coda},
  year={2010},
  month={Oct},
  note = {Accessed: 2019-04-01}
}

@article{abadi2012consistency,
  title={Consistency tradeoffs in modern distributed database system design: CAP is only part of the story},
  author={Abadi, Daniel},
  journal={Computer},
  volume={45},
  number={2},
  pages={37--42},
  year={2012},
  publisher={IEEE},
  url={http://cs-www.cs.yale.edu/homes/dna/papers/abadi-pacelc.pdf}
}

@misc{effective,
  title={Effective Go},
  howpublished={\url{https://golang.org/doc/effective_go.html#concurrency}},
  author={Google},
  year={2019},
  month={Feb},
  note = {Accessed: 2019-04-01. License: Creative Commons BY 3.0}
}

@techreport{45855,
  title = {Spanner, TrueTime and the CAP Theorem},
  author  = {Eric Brewer},
  year  = {2017}
}
